
# moea/d as cellular
@inproceedings{ishibuchi2009adaptation,
  title={Adaptation of scalarizing functions in MOEA/D: An adaptive scalarizing function-based multiobjective evolutionary algorithm},
  author={Ishibuchi, Hisao and Sakane, Yuji and Tsukamoto, Noritaka and Nojima, Yusuke},
  booktitle={International Conference on Evolutionary Multi-Criterion Optimization},
  pages={438--452},
  year={2009},
  organization={Springer}
}


# original moea/d
@article{zhang2007moea,
  title={MOEA/D: A multiobjective evolutionary algorithm based on decomposition},
  author={Zhang, Qingfu and Li, Hui},
  journal={IEEE Transactions on evolutionary computation},
  volume={11},
  number={6},
  pages={712--731},
  year={2007},
  publisher={IEEE}
}

# survey about decomposition, may ideas are from here
@article{trivedi2017survey,
  title={A survey of multiobjective evolutionary algorithms based on decomposition},
  author={Trivedi, Anupam and Srinivasan, Dipti and Sanyal, Krishnendu and Ghosh, Abhiroop},
  journal={IEEE Transactions on Evolutionary Computation},
  volume={21},
  number={3},
  pages={440--462},
  year={2017},
  publisher={IEEE}
}

# moea/d package in r
@article{moeadr_package,
  title={the MOEADr package - A Component-Based Framework for Multiobjective Evolutionary Algorithms Based on Decomposition},
  author={Campelo, Felipe and Batista, Lucas and Aranha, Claus},
  year={2017},
}


# cellular w/ different scalarizing functions - one idea
@inproceedings{ishibuchi2010simultaneous,
  title={Simultaneous use of different scalarizing functions in MOEA/D},
  author={Ishibuchi, Hisao and Sakane, Yuji and Tsukamoto, Noritaka and Nojima, Yusuke},
  booktitle={Proceedings of the 12th annual conference on Genetic and evolutionary computation},
  pages={519--526},
  year={2010},
  organization={ACM}
}

# dynamic comptation resource allocation - one idea
@inproceedings{zhang2009performance,
  title={The performance of a new version of MOEA/D on CEC09 unconstrained MOP test instances},
  author={Zhang, Qingfu and Liu, Wudong and Li, Hui},
  booktitle={Evolutionary Computation, 2009. CEC'09. IEEE Congress on},
  pages={203--208},
  year={2009},
  organization={IEEE}
}

#dual population
@article{qi2014moea,
  title={MOEA/D with adaptive weight adjustment},
  author={Qi, Yutao and Ma, Xiaoliang and Liu, Fang and Jiao, Licheng and Sun, Jianyong and Wu, Jianshe},
  journal={Evolutionary computation},
  volume={22},
  number={2},
  pages={231--264},
  year={2014},
  publisher={MIT Press}
}

# dual population dynamic allocation
@article{cai2015external,
  title={An external archive guided multiobjective evolutionary algorithm based on decomposition for combinatorial optimization},
  author={Cai, Xinye and Li, Yexing and Fan, Zhun and Zhang, Qingfu},
  journal={IEEE Transactions on Evolutionary Computation},
  volume={19},
  number={4},
  pages={508--523},
  year={2015},
  publisher={IEEE}
}

#dual population max hv (hyper volume) external population
@inproceedings{jiang2016towards,
  title={Towards adaptive weight vectors for multiobjective evolutionary algorithm based on decomposition},
  author={Jiang, Siwei and Feng, Liang and Yang, Dazhi and Heng, Chen Kim and Ong, Yew-Soon and Zhang, Allan NengSheng and Tan, Puay Siew and Cai, Zhihua},
  booktitle={Evolutionary Computation (CEC), 2016 IEEE Congress on},
  pages={500--507},
  year={2016},
  organization={IEEE}
}

# self adaptative for neighborhood structure
@article{giagkiozis2014generalized,
  title={Generalized decomposition and cross entropy methods for many-objective optimization},
  author={Giagkiozis, Ioannis and Purshouse, Robin C and Fleming, Peter J},
  journal={Information Sciences},
  volume={282},
  pages={363--387},
  year={2014},
  publisher={Elsevier}
}

# kind of a SA for selection neighbors - computationallly costly and 4 parameters more - global replacement
@article{zhang2016self,
  title={Self-organizing multiobjective optimization based on decomposition with neighborhood ensemble},
  author={Zhang, Hu and Zhang, Xiujie and Gao, Xiao-Zhi and Song, Shenmin},
  journal={Neurocomputing},
  volume={173},
  pages={1868--1884},
  year={2016},
  publisher={Elsevier}
}

kind of a SA for selection neighbors  - global replacement
@article{wang2016adaptive,
  title={Adaptive replacement strategies for MOEA/D},
  author={Wang, Zhenkun and Zhang, Qingfu and Zhou, Aimin and Gong, Maoguo and Jiao, Licheng},
  journal={IEEE transactions on cybernetics},
  volume={46},
  number={2},
  pages={474--486},
  year={2016},
  publisher={IEEE}
}

# cellular ga image
@article{robles2009evolutionary,
  title={Evolutionary parallel and gradually distributed lateral tuning of fuzzy rule-based systems},
  author={Robles, Ignacio and Alcal{\'a}, Rafael and Ben{\'\i}tez, Jos{\'e} Manuel and Herrera, Francisco},
  journal={Evolutionary Intelligence},
  volume={2},
  number={1-2},
  pages={5},
  year={2009},
  publisher={Springer}
}

# moead applications 
@book{coello2007evolutionary,
  title={Evolutionary algorithms for solving multi-objective problems},
  author={Coello, Carlos A Coello and Lamont, Gary B and Van Veldhuizen, David A and others},
  volume={5},
  year={2007},
  publisher={Springer}
}

# cellular ga survey distributed 
@article{gong2015distributed,
  title={Distributed evolutionary algorithms and their models: A survey of the state-of-the-art},
  author={Gong, Yue-Jiao and Chen, Wei-Neng and Zhan, Zhi-Hui and Zhang, Jun and Li, Yun and Zhang, Qingfu and Li, Jing-Jing},
  journal={Applied Soft Computing},
  volume={34},
  pages={286--300},
  year={2015},
  publisher={Elsevier}
}

# images
@article{chugh2017handling,
  title={Handling expensive multiobjective optimization problems with evolutionary algorithms},
  author={Chugh, Tinkle},
  journal={Jyv{\"a}skyl{\"a} studies in computing 263.},
  year={2017},
  publisher={University of Jyv{\"a}skyl{\"a}}
}

#ONRA
@article{zhou2016all,
  title={Are all the subproblems equally important? Resource allocation in decomposition-based multiobjective evolutionary algorithms},
  author={Zhou, Aimin and Zhang, Qingfu},
  journal={IEEE Transactions on Evolutionary Computation},
  volume={20},
  number={1},
  pages={52--64},
  year={2016},
  publisher={IEEE}
}


#LHS - R
@article{stein1987large,
  title={Large sample properties of simulations using Latin hypercube sampling},
  author={Stein, Michael},
  journal={Technometrics},
  volume={29},
  number={2},
  pages={143--151},
  year={1987},
  publisher={Taylor \& Francis}
}

# LHS - origin
@article{mckay1979comparison,
  title={Comparison of three methods for selecting values of input variables in the analysis of output from a computer code},
  author={McKay, Michael D and Beckman, Richard J and Conover, William J},
  journal={Technometrics},
  volume={21},
  number={2},
  pages={239--245},
  year={1979},
  publisher={Taylor \& Francis}
}

# bet-and-run initial
@article{fischetti2014exploiting,
  title={Exploiting erraticism in search},
  author={Fischetti, Matteo and Monaci, Michele},
  journal={Operations Research},
  volume={62},
  number={1},
  pages={114--122},
  year={2014},
  publisher={INFORMS}
}

# bet-and-run theoretical
@inproceedings{lissovoi2017theoretical,
  title={Theoretical results on bet-and-run as an initialisation strategy},
  author={Lissovoi, Andrei and Sudholt, Dirk and Wagner, Markus and Zarges, Christine},
  booktitle={Proceedings of the Genetic and Evolutionary Computation Conference},
  pages={857--864},
  year={2017},
  organization={ACM}
}

# heavy tail restart
@article{gomes2000heavy,
  title={Heavy-tailed phenomena in satisfiability and constraint satisfaction problems},
  author={Gomes, Carla P and Selman, Bart and Crato, Nuno and Kautz, Henry},
  journal={Journal of automated reasoning},
  volume={24},
  number={1-2},
  pages={67--100},
  year={2000},
  publisher={Springer}
}

# bet-and-run in SOP
@inproceedings{friedrich2017generic,
  title={A Generic Bet-and-Run Strategy for Speeding Up Stochastic Local Search.},
  author={Friedrich, Tobias and K{\"o}tzing, Timo and Wagner, Markus},
  booktitle={AAAI},
  pages={801--807},
  year={2017}
}

# hypervolume fair comparison
@article{ishibuchi2018specify,
  title={How to Specify a Reference Point in Hypervolume Calculation for Fair Performance Comparison},
  author={Ishibuchi, Hisao and Imada, Ryo and Setoguchi, Yu and Nojima, Yusuke},
  journal={Evolutionary computation},
  pages={1--29},
  year={2018},
  publisher={MIT Press}
}

# DTLZ easy
@inproceedings{bezerra2015comparing,
  title={Comparing decomposition-based and automatically component-wise designed multi-objective evolutionary algorithms},
  author={Bezerra, Leonardo CT and L{\'o}pez-Ib{\'a}{\~n}ez, Manuel and St{\"u}tzle, Thomas},
  booktitle={International Conference on Evolutionary Multi-Criterion Optimization},
  pages={396--410},
  year={2015},
  organization={Springer}
}

# moea/d-de
@article{li2009multiobjective,
  title={Multiobjective optimization problems with complicated Pareto sets, MOEA/D and NSGA-II},
  author={Li, Hui and Zhang, Qingfu},
  journal={IEEE Transactions on evolutionary computation},
  volume={13},
  number={2},
  pages={284--302},
  year={2009},
  publisher={IEEE}
}

#restart definition
@inproceedings{yu2018simulated,
  title={Simulated annealing with restart strategy for the blood pickup routing problem},
  author={Yu, VF and Iswari, T and Normasari, NME and Asih, AMS and Ting, H},
  booktitle={IOP Conference Series: Materials Science and Engineering},
  volume={337},
  number={1},
  pages={012007},
  year={2018},
  organization={IOP Publishing}
}

#why restart is good
@inproceedings{kanahara2018restart,
  title={A Restart Diversification Strategy for Iterated Local Search to Maximum Clique Problem},
  author={Kanahara, Kazuho and Katayama, Kengo and Okano, Takeshi and Kulla, Elis and Oda, Tetsuya and Nishihara, Noritaka},
  booktitle={Conference on Complex, Intelligent, and Software Intensive Systems},
  pages={670--680},
  year={2018},
  organization={Springer}
}


#bet-and-run local search
@inproceedings{friedrich2017generic,
  title={A Generic Bet-and-Run Strategy for Speeding Up Stochastic Local Search.},
  author={Friedrich, Tobias and K{\"o}tzing, Timo and Wagner, Markus},
  booktitle={AAAI},
  pages={801--807},
  year={2017}
}

#pop size 200
@article{tanabe2018analysis,
  title={An analysis of control parameters of MOEA/D under two different optimization scenarios},
  author={Tanabe, Ryoji and Ishibuchi, Hisao},
  journal={Applied Soft Computing},
  volume={70},
  pages={22--40},
  year={2018},
  publisher={Elsevier}
}

#DTLZ functions
@incollection{deb2005scalable,
  title={Scalable test problems for evolutionary multiobjective optimization},
  author={Deb, Kalyanmoy and Thiele, Lothar and Laumanns, Marco and Zitzler, Eckart},
  booktitle={Evolutionary multiobjective optimization},
  pages={105--145},
  year={2005},
  publisher={Springer}
}

#ZDT functions
@article{zitzler2000comparison,
  title={Comparison of multiobjective evolutionary algorithms: Empirical results},
  author={Zitzler, Eckart and Deb, Kalyanmoy and Thiele, Lothar},
  journal={Evolutionary computation},
  volume={8},
  number={2},
  pages={173--195},
  year={2000},
  publisher={MIT Press}
}

#hypervolume def
@inproceedings{zitzler1998multiobjective,
  title={Multiobjective optimization using evolutionary algorithms—a comparative case study},
  author={Zitzler, Eckart and Thiele, Lothar},
  booktitle={International conference on parallel problem solving from nature},
  pages={292--301},
  year={1998},
  organization={Springer}
}

# pop 200
@inproceedings{brockhoff2015benchmarking,
  title={Benchmarking numerical multiobjective optimizers revisited},
  author={Brockhoff, Dimo and Tran, Thanh-Do and Hansen, Nikolaus},
  booktitle={Proceedings of the 2015 Annual Conference on Genetic and Evolutionary Computation},
  pages={639--646},
  year={2015},
  organization={ACM}
}

# epsilon indicator igd????
@article{zitzler2003performance,
  title={Performance assessment of multiobjective optimizers: An analysis and review},
  author={Zitzler, Eckart and Thiele, Lothar and Laumanns, Marco and Fonseca, Carlos M and Da Fonseca, Viviane Grunert},
  journal={IEEE Transactions on evolutionary computation},
  volume={7},
  number={2},
  pages={117--132},
  year={2003},
  publisher={IEEE}
}

#WFG
@article{huband2006review,
  title={A review of multiobjective test problems and a scalable test problem toolkit},
  author={Huband, Simon and Hingston, Philip and Barone, Luigi and While, Lyndon},
  journal={IEEE Transactions on Evolutionary Computation},
  volume={10},
  number={5},
  pages={477--506},
  year={2006},
  publisher={IEEE}
}

# limitations
@article{trivedi2017survey,
  title={A survey of multiobjective evolutionary algorithms based on decomposition},
  author={Trivedi, Anupam and Srinivasan, Dipti and Sanyal, Krishnendu and Ghosh, Abhiroop},
  journal={IEEE Transactions on Evolutionary Computation},
  volume={21},
  number={3},
  pages={440--462},
  year={2017},
  publisher={IEEE}
}

# cec 2009 uf functions
@article{zhang2008multiobjective,
  title={Multiobjective optimization test instances for the CEC 2009 special session and competition},
  author={Zhang, Qingfu and Zhou, Aimin and Zhao, Shizheng and Suganthan, Ponnuthurai Nagaratnam and Liu, Wudong and Tiwari, Santosh},
  journal={University of Essex, Colchester, UK and Nanyang technological University, Singapore, special session on performance assessment of multi-objective optimization algorithms, technical report},
  volume={264},
  year={2008}
}

# moeas good for pf in a single run
@article{zhou2011multiobjective,
  title={Multiobjective evolutionary algorithms: A survey of the state of the art},
  author={Zhou, Aimin and Qu, Bo-Yang and Li, Hui and Zhao, Shi-Zheng and Suganthan, Ponnuthurai Nagaratnam and Zhang, Qingfu},
  journal={Swarm and Evolutionary Computation},
  volume={1},
  number={1},
  pages={32--49},
  year={2011},
  publisher={Elsevier}
}

# nsga
@article{deb2002fast,
  title={A fast and elitist multiobjective genetic algorithm: NSGA-II},
  author={Deb, Kalyanmoy and Pratap, Amrit and Agarwal, Sameer and Meyarivan, TAMT},
  journal={IEEE transactions on evolutionary computation},
  volume={6},
  number={2},
  pages={182--197},
  year={2002},
  publisher={IEEE}
}

# spea2
@article{zitzler2001spea2,
  title={SPEA2: Improving the strength Pareto evolutionary algorithm},
  author={Zitzler, Eckart and Laumanns, Marco and Thiele, Lothar},
  journal={TIK-report},
  volume={103},
  year={2001},
  publisher={Eidgen{\"o}ssische Technische Hochschule Z{\"u}rich (ETH), Institut f{\"u}r Technische Informatik und Kommunikationsnetze (TIK)}
}

# IBEA
@inproceedings{zitzler2004indicator,
  title={Indicator-based selection in multiobjective search},
  author={Zitzler, Eckart and K{\"u}nzli, Simon},
  booktitle={International Conference on Parallel Problem Solving from Nature},
  pages={832--842},
  year={2004},
  organization={Springer}
}

# sms-emoa
@article{beume2007sms,
  title={SMS-EMOA: Multiobjective selection based on dominated hypervolume},
  author={Beume, Nicola and Naujoks, Boris and Emmerich, Michael},
  journal={European Journal of Operational Research},
  volume={181},
  number={3},
  pages={1653--1669},
  year={2007},
  publisher={Elsevier}
}

# a moead
@inproceedings{de2018moea,
  title={MOEA/D with uniformly randomly adaptive weights},
  author={de Farias, Lucas RC and Braga, Pedro HM and Bassani, Hansenclever F and Ara{\'u}jo, Aluizio FR},
  booktitle={Proceedings of the Genetic and Evolutionary Computation Conference},
  pages={641--648},
  year={2018},
  organization={ACM}
}

#adaptive
@inproceedings{hinterding1997adaptation,
  title={Adaptation in evolutionary computation: A survey},
  author={Hinterding, Robert and Michalewicz, Zbigniew and Eiben, Agoston E},
  booktitle={Evolutionary Computation, 1997., IEEE International Conference on},
  pages={65--69},
  year={1997},
  organization={IEEE}
}

#adaptive
@incollection{de2007parameter,
  title={Parameter setting in EAs: a 30 year perspective},
  author={De Jong, Kenneth},
  booktitle={Parameter setting in evolutionary algorithms},
  pages={1--18},
  year={2007},
  publisher={Springer}
}

#adaptive
@incollection{meyer2007self,
  title={Self-adaptation in evolutionary algorithms},
  author={Meyer-Nieberg, Silja and Beyer, Hans-Georg},
  booktitle={Parameter setting in evolutionary algorithms},
  pages={47--75},
  year={2007},
  publisher={Springer}
}

#adaptive
@article{kramer2010evolutionary,
  title={Evolutionary self-adaptation: a survey of operators and strategy parameters},
  author={Kramer, Oliver},
  journal={Evolutionary Intelligence},
  volume={3},
  number={2},
  pages={51--65},
  year={2010},
  publisher={Springer}
}

#adaptive
@article{zhang2012survey,
  title={A survey on algorithm adaptation in evolutionary computation},
  author={Zhang, Jun and Chen, Wei-Neng and Zhan, Zhi-Hui and Yu, Wei-Jie and Li, Yuan-Long and Chen, Ni and Zhou, Qi},
  journal={Frontiers of Electrical and Electronic Engineering},
  volume={7},
  number={1},
  pages={16--31},
  year={2012},
  publisher={Springer}
}

# MOEA/D DRA
@inproceedings{zhang2009performance,
  title={The performance of a new version of MOEA/D on CEC09 unconstrained MOP test instances},
  author={Zhang, Qingfu and Liu, Wudong and Li, Hui},
  booktitle={Evolutionary Computation, 2009. CEC'09. IEEE Congress on},
  pages={203--208},
  year={2009},
  organization={IEEE}
}

# irace
@article{bezerra2016automatic,
  title={Automatic component-wise design of multiobjective evolutionary algorithms},
  author={Bezerra, Leonardo CT and L{\'o}pez-Ib{\'a}nez, Manuel and St{\"u}tzle, Thomas},
  journal={IEEE Transactions on Evolutionary Computation},
  volume={20},
  number={3},
  pages={403--417},
  year={2016},
  publisher={IEEE}
}